<?xml version="1.0" encoding="UTF-8"?><record xmlns="http://www.loc.gov/MARC21/slim" xmlns:cinclude="http://apache.org/cocoon/include/1.0" xmlns:zs="http://www.loc.gov/zing/srw/">
  <leader>00469nz  a2200133n  4500</leader>
  <controlfield tag="001">no2004102688</controlfield>
  <controlfield tag="003">DLC</controlfield>
  <controlfield tag="005">20041023071105.0</controlfield>
  <controlfield tag="008">041022n| acannaabn          |n ana     c</controlfield>
  <datafield tag="010" ind1=" " ind2=" ">
    <subfield code="a">no2004102688</subfield>
  </datafield>
  <datafield tag="035" ind1=" " ind2=" ">
    <subfield code="a">(OCoLC)oca06475307</subfield>
  </datafield>
  <datafield tag="040" ind1=" " ind2=" ">
    <subfield code="a">TxU-Mu</subfield>
    <subfield code="b">eng</subfield>
    <subfield code="c">TxU-Mu</subfield>
  </datafield>
  <datafield tag="110" ind1="2" ind2=" ">
    <subfield code="a">Grupo Medusa</subfield>
  </datafield>
  <datafield tag="670" ind1=" " ind2=" ">
    <subfield code="a">Its Grupo Medusa [SR] p1981:</subfield>
    <subfield code="b">container (Grupo Medusa: Amilson Godoy, keyboards ; Chico Medori, percussion ; ClaĚudio Bertrami, bass, percussion ; Heraldo do Monte, guitars)</subfield>
  </datafield>
</record>